% NLP people uses apalike for bibliography.

@book{Okrand:92,
  title={The Star Trek: The Klingon Dictionary},
  author={Okrand, Marc},
  year={1992},
  publisher={Simon and Schuster}
}

@book{0964434512,
  Author = {},
  Title = {Hamlet, Prince of Denmark: The Restored Klingon Version},
  Publisher = {Klingon Language Institute},
  Year = {},
  ISBN = {0964434512},
  URL = {http://www.amazon.com/Hamlet-Prince-Denmark-Restored-Klingon/dp/0964434512%3FSubscriptionId%3D0JYN1NVW651KCA56C102%26tag%3Dtechkie-20%26linkCode%3Dxm2%26camp%3D2025%26creative%3D165953%26creativeASIN%3D0964434512}
}

@misc{KLI:Development,
  publisher = {The Klingon Language Institute},
  title = {{Development and Use of the Klingon Language}},
  howpublished = {\url{http://www.kli.org/about-klingon/klingon-history/}},
  note = {Accessed: 2015-12-15}
}

@misc{KLI:Sounds,
  publisher = {The Klingon Language Institute},
  title = {{The Sounds of Klingon}},
  howpublished = {\url{http://www.speakklingon.info/about-klingon/sounds-of-klingon/}},
  note = {Accessed: 2015-12-15}
}

@misc{KLI:Canonical,
  publisher = {The Klingon Language Institute},
  title = {{Canonical Sources}},
  howpublished = {\url{http://www.kli.org/wiki/Canonical_sources}},
  note = {Accessed: 2015-12-15}
}

@misc{Kelly:13,
  author = {Samantha Murphy Kelly.},
  title = {{How Klingon Became a Universal Language}},
  howpublished = {\url{http://mashable.com/2013/05/18/klingon-star-trek/}},
  year = {2013},
  note = {Accessed: 2015-12-15}
}

@book{Okrent:09,
  Author = {Arika Okrent},
  Title = {In the Land of Invented Languages: Esperanto Rock Stars, Klingon Poets, Loglan Lovers, and the Mad Dreamers Who Tried to Build A Perfect Language},
  Publisher = {Spiegel \& Grau},
  Year = {2009},
  ISBN = {},
  URL = {http://www.amazon.com/In-Land-Invented-Languages-Esperanto-ebook/dp/B001NLL2Q6%3FSubscriptionId%3D0JYN1NVW651KCA56C102%26tag%3Dtechkie-20%26linkCode%3Dxm2%26camp%3D2025%26creative%3D165953%26creativeASIN%3DB001NLL2Q6}
}

@book{ BeesleyKarttunen:02,
 author="Kenneth R. Beesley and Lauri Karttunen",
 title="Finite-State Morphology: Xerox Tools and Techniques",
 publisher="Xerox Corporation",
 year="2002",
}

@misc{Zrajm:12,
  author = {Zrajm},
  title = {{Klingon Word Database} 1st edition.},
  howpublished = {\url{http://mashable.com/2013/05/18/klingon-star-trek/}},
  publisher="Klingonska Akademien",
  year="2012",
  note = {Accessed: 2015-12-15}
}
